@article{Rainbow,
  author    = {Matteo Hessel and
               Joseph Modayil and
               Hado van Hasselt and
               Tom Schaul and
               Georg Ostrovski and
               Will Dabney and
               Daniel Horgan and
               Bilal Piot and
               Mohammad Gheshlaghi Azar and
               David Silver},
  title     = {Rainbow: Combining Improvements in Deep Reinforcement Learning},
  journal   = {CoRR},
  volume    = {abs/1710.02298},
  year      = {2017},
  url       = {http://arxiv.org/abs/1710.02298},
  archivePrefix = {arXiv},
  eprint    = {1710.02298},
  timestamp = {Wed, 01 Nov 2017 19:05:43 +0100},
  biburl    = {https://dblp.org/rec/bib/journals/corr/abs-1710-02298},
  bibsource = {dblp computer science bibliography, https://dblp.org}
}

@article{PER,
  author    = {Tom Schaul and
               John Quan and
               Ioannis Antonoglou and
               David Silver},
  title     = {Prioritized Experience Replay},
  journal   = {CoRR},
  volume    = {abs/1511.05952},
  year      = {2015},
  url       = {http://arxiv.org/abs/1511.05952},
  archivePrefix = {arXiv},
  eprint    = {1511.05952},
  timestamp = {Wed, 07 Jun 2017 14:42:32 +0200},
  biburl    = {https://dblp.org/rec/bib/journals/corr/SchaulQAS15},
  bibsource = {dblp computer science bibliography, https://dblp.org}
}

@article{Double,
  author    = {Hado van Hasselt and
               Arthur Guez and
               David Silver},
  title     = {Deep Reinforcement Learning with Double Q-learning},
  journal   = {CoRR},
  volume    = {abs/1509.06461},
  year      = {2015},
  url       = {http://arxiv.org/abs/1509.06461},
  archivePrefix = {arXiv},
  eprint    = {1509.06461},
  timestamp = {Wed, 07 Jun 2017 14:40:43 +0200},
  biburl    = {https://dblp.org/rec/bib/journals/corr/HasseltGS15},
  bibsource = {dblp computer science bibliography, https://dblp.org}
}

@article{DQN,
  author    = {Volodymyr Mnih and
               Koray Kavukcuoglu and
               David Silver and
               Alex Graves and
               Ioannis Antonoglou and
               Daan Wierstra and
               Martin A. Riedmiller},
  title     = {Playing Atari with Deep Reinforcement Learning},
  journal   = {CoRR},
  volume    = {abs/1312.5602},
  year      = {2013},
  url       = {http://arxiv.org/abs/1312.5602},
  archivePrefix = {arXiv},
  eprint    = {1312.5602},
  timestamp = {Wed, 07 Jun 2017 14:43:06 +0200},
  biburl    = {https://dblp.org/rec/bib/journals/corr/MnihKSGAWR13},
  bibsource = {dblp computer science bibliography, https://dblp.org}
}

@article{Retro,
  author    = {Alex Nichol and
               Vicki Pfau and
               Christopher Hesse and
               Oleg Klimov and
               John Schulman},
  title     = {Gotta Learn Fast: {A} New Benchmark for Generalization in {RL}},
  journal   = {CoRR},
  volume    = {abs/1804.03720},
  year      = {2018},
  url       = {http://arxiv.org/abs/1804.03720},
  archivePrefix = {arXiv},
  eprint    = {1804.03720},
  timestamp = {Tue, 01 May 2018 19:46:29 +0200},
  biburl    = {https://dblp.org/rec/bib/journals/corr/abs-1804-03720},
  bibsource = {dblp computer science bibliography, https://dblp.org}
}

@article{DistributionalDQN,
  author    = {Marc G. Bellemare and
               Will Dabney and
               R{\'{e}}mi Munos},
  title     = {A Distributional Perspective on Reinforcement Learning},
  journal   = {CoRR},
  volume    = {abs/1707.06887},
  year      = {2017},
  url       = {http://arxiv.org/abs/1707.06887},
  archivePrefix = {arXiv},
  eprint    = {1707.06887},
  timestamp = {Sat, 05 Aug 2017 14:56:07 +0200},
  biburl    = {https://dblp.org/rec/bib/journals/corr/BellemareDM17},
  bibsource = {dblp computer science bibliography, https://dblp.org}
}

@article{DuelingDQN,
  author    = {Ziyu Wang and
               Nando de Freitas and
               Marc Lanctot},
  title     = {Dueling Network Architectures for Deep Reinforcement Learning},
  journal   = {CoRR},
  volume    = {abs/1511.06581},
  year      = {2015},
  url       = {http://arxiv.org/abs/1511.06581},
  archivePrefix = {arXiv},
  eprint    = {1511.06581},
  timestamp = {Tue, 08 Aug 2017 15:06:57 +0200},
  biburl    = {https://dblp.org/rec/bib/journals/corr/WangFL15},
  bibsource = {dblp computer science bibliography, https://dblp.org}
}

@article{NoisyNetDQN,
  author    = {Meire Fortunato and
               Mohammad Gheshlaghi Azar and
               Bilal Piot and
               Jacob Menick and
               Ian Osband and
               Alex Graves and
               Vlad Mnih and
               R{\'{e}}mi Munos and
               Demis Hassabis and
               Olivier Pietquin and
               Charles Blundell and
               Shane Legg},
  title     = {Noisy Networks for Exploration},
  journal   = {CoRR},
  volume    = {abs/1706.10295},
  year      = {2017},
  url       = {http://arxiv.org/abs/1706.10295},
  archivePrefix = {arXiv},
  eprint    = {1706.10295},
  timestamp = {Mon, 17 Jul 2017 14:26:05 +0200},
  biburl    = {https://dblp.org/rec/bib/journals/corr/FortunatoAPMOGM17},
  bibsource = {dblp computer science bibliography, https://dblp.org}
}